% BiBTeX Sample Database

@Preamble{ {\hyphenation{Post-Script Sprin-ger}}
}

@String{AW = {{Ad\-di\-son-Wes\-ley}}}
@String{AW:adr = {Reading, Massachusetts}}
@String{j-TUGboat = {TUGboat}}

}
@Book{leader,
     author    = "Leader, E.",
     title     = "Spin in Particle Physics",
     publisher = "Cambridge University Press",
     address   = "The Edinburgh Building, Cambridge CB2 2RU, UK",
     year      = "2005" 
}



@misc{PrimexDexp,
 author      ="JLAB Experiment E12-10-011",
 title       ="{A Precision Measurement of the eta Radiative decay Width via the Primakoff Effect}",
 note         ={\url{https://misportal.jlab.org/mis/physics/experiments/viewProposal.cfm?paperId=631}},
 year        ="2010"
}


@misc{CPPexp,
 author      ="JLAB Experiment E12-13-008",
 title       ="{Measuring the Charged Pion Polarizability in the $\gamma \gamma \rightarrow \pi^+ \pi^-$ Reaction}",
 note         ={\url{https://misportal.jlab.org/mis/physics/experiments/viewProposal.cfm?paperId=789}},
 year        ="2013"
}

@techreport{log3333598,
        Author = {Dalton, M.M.},
        Institution = {Jefferson Lab},
        Month = apr,
        Note = {\url{https://logbooks.jlab.org/entry/3333598}},
        Number = {Log Book Entry 3333598},
        Title = {{Plots of BCAL pedestal width and mean for bias scan at 10 and 18 degrees C}},
        Year = 2015
}       

@techreport{hdnote3186,
        Author = {Smith, E.S.},
        Institution = {Jefferson Lab},
        Month = jan,
        Note = {\url{https://halldweb.jlab.org/doc-private/DocDB/ShowDocument?docid=3186}},
        Number = {GlueX-doc-\textbf{3186}},
        Title = {{Calculation of the Primakoff cross section for $\pi^+\pi^-$}},
        Year = 2017
} 


@inproceedings{Bellucci:1994hx,
      author         = "Bellucci, S.",
      title          = "{Pion (kaon) and sigma polarizabilities}",
      booktitle      = "{Chiral dynamics: Theory and experiment. Proceedings,
                        Workshop, Cambridge, USA, July 25-29, 1994}",
      year           = "1994",
      pages          = "177-189",
      eprint         = "hep-ph/9508282",
      archivePrefix  = "arXiv",
      primaryClass   = "hep-ph",
      reportNumber   = "LNF-94-065-P",
      SLACcitation   = "%%CITATION = HEP-PH/9508282;%%"
}
@article{Bellucci:1994eb,
      author         = "Bellucci, S. and Gasser, J. and Sainio, M. E.",
      title          = "{Low-energy photon-photon collisions to two loop order}",
      journal        = "Nucl. Phys.",
      volume         = "B423",
      year           = "1994",
      pages          = "80-122",
      doi            = "10.1016/0550-3213(94)90566-5,
                        10.1016/0550-3213(94)90111-2",
      note           = "[Erratum: Nucl. Phys.B431,413(1994)]",
      eprint         = "hep-ph/9401206",
      archivePrefix  = "arXiv",
      primaryClass   = "hep-ph",
      reportNumber   = "BUTP-93-18, LNF-93-077-P, PSI-PR-93-17",
      SLACcitation   = "%%CITATION = HEP-PH/9401206;%%"
}
@article{Bijnens:1987dc,
      author         = "Bijnens, Johan and Cornet, Fernando",
      title          = "{Two Pion Production in Photon-Photon Collisions}",
      journal        = "Nucl. Phys.",
      volume         = "B296",
      year           = "1988",
      pages          = "557-568",
      doi            = "10.1016/0550-3213(88)90032-6",
      reportNumber   = "DESY-87-039",
      SLACcitation   = "%%CITATION = NUPHA,B296,557;%%"
}
@article{Donoghue:1993kw,
      author         = "Donoghue, John F. and Holstein, Barry R.",
      title          = "{Photon-photon scattering, pion polarizability and chiral
                        symmetry}",
      journal        = "Phys. Rev.",
      volume         = "D48",
      year           = "1993",
      pages          = "137-146",
      doi            = "10.1103/PhysRevD.48.137",
      eprint         = "hep-ph/9302203",
      archivePrefix  = "arXiv",
      primaryClass   = "hep-ph",
      reportNumber   = "UMHEP-383",
      SLACcitation   = "%%CITATION = HEP-PH/9302203;%%"
}
@article{Kaloshin:1992ts,
      author         = "Kaloshin, A. E. and Serebryakov, V. V.",
      title          = "{Crystal Ball experiment on gamma gamma ---> pi0 pi0 and
                        neutral pion polarizability}",
      journal        = "Phys. Lett.",
      volume         = "B278",
      year           = "1992",
      pages          = "198-201",
      doi            = "10.1016/0370-2693(92)90734-L",
      SLACcitation   = "%%CITATION = PHLTA,B278,198;%%"
}
@article{Lujan:2014kia,
      author         = "Lujan, Michael and Alexandru, Andrei and Freeman, Walter
                        and Lee, Frank",
      title          = "{Electric polarizability of neutral hadrons from
                        dynamical lattice QCD ensembles}",
      journal        = "Phys. Rev.",
      volume         = "D89",
      year           = "2014",
      number         = "7",
      pages          = "074506",
      doi            = "10.1103/PhysRevD.89.074506",
      eprint         = "1402.3025",
      archivePrefix  = "arXiv",
      primaryClass   = "hep-lat",
      SLACcitation   = "%%CITATION = ARXIV:1402.3025;%%"
}
@inproceedings{Portoles:1994rc,
      author         = "Portoles, J. and Pennington, M. R.",
      title          = "{Theoretical predictions for pion polarizabilities}",
      booktitle      = "{The second DAPHNE physics handbook. Vol. 1, 2}",
      year           = "1994",
      pages          = "579-596",
      eprint         = "hep-ph/9407295",
      archivePrefix  = "arXiv",
      primaryClass   = "hep-ph",
      reportNumber   = "DTP-94-52",
      SLACcitation   = "%%CITATION = HEP-PH/9407295;%%"
}
@article{Holstein:2013kia,
      author         = "Holstein, Barry R. and Scherer, Stefan",
      title          = "{Hadron Polarizabilities}",
      journal        = "Ann. Rev. Nucl. Part. Sci.",
      volume         = "64",
      year           = "2014",
      pages          = "51-81",
      doi            = "10.1146/annurev-nucl-102313-025555",
      eprint         = "1401.0140",
      archivePrefix  = "arXiv",
      primaryClass   = "hep-ph",
      reportNumber   = "MITP-13-086",
      SLACcitation   = "%%CITATION = ARXIV:1401.0140;%%"
}

@article{PhysRevD.42.1350,
  title = {Two-photon production of pion pairs},
  author = {Boyer, J. and others},
  journal = {Phys. Rev. D},
  volume = {42},
  issue = {5},
  pages = {1350--1367},
  numpages = {0},
  year = {1990},
  month = {Sep},
  publisher = {American Physical Society},
  doi = {10.1103/PhysRevD.42.1350},
  url = {https://link.aps.org/doi/10.1103/PhysRevD.42.1350}
}

@article{GarciaMartin:2010cw,
      author         = "Garcia-Martin, R. and Moussallam, B.",
      title          = "{MO analysis of the high statistics Belle results on
                        $\gamma\gamma\to \pi^+\pi^-,\pi^0\pi^0$ with chiral
                        constraints}",
      journal        = "Eur. Phys. J.",
      volume         = "C70",
      year           = "2010",
      pages          = "155-175",
      doi            = "10.1140/epjc/s10052-010-1471-7",
      eprint         = "1006.5373",
      archivePrefix  = "arXiv",
      primaryClass   = "hep-ph",
      SLACcitation   = "%%CITATION = ARXIV:1006.5373;%%"
}

@article{GarciaMartin:2011jx,
      author         = "Garcia-Martin, R. and Kaminski, R. and Pelaez, J. R. and
                        Ruiz de Elvira, J.",
      title          = "{Precise determination of the f0(600) and f0(980) pole
                        parameters from a dispersive data analysis}",
      journal        = "Phys. Rev. Lett.",
      volume         = "107",
      year           = "2011",
      pages          = "072001",
      doi            = "10.1103/PhysRevLett.107.072001",
      eprint         = "1107.1635",
      archivePrefix  = "arXiv",
      primaryClass   = "hep-ph",
      SLACcitation   = "%%CITATION = ARXIV:1107.1635;%%"
}

@article{Hoferichter:2011wk,
      author         = "Hoferichter, Martin and Phillips, Daniel R. and Schat,
                        Carlos",
      title          = "{Roy-Steiner equations for gamma gamma -> pi pi}",
      journal        = "Eur. Phys. J.",
      volume         = "C71",
      year           = "2011",
      pages          = "1743",
      doi            = "10.1140/epjc/s10052-011-1743-x",
      eprint         = "1106.4147",
      archivePrefix  = "arXiv",
      primaryClass   = "hep-ph",
      SLACcitation   = "%%CITATION = ARXIV:1106.4147;%%"
}

@article{Marsiske:1990hx,
      author         = "Marsiske, H. and others",
      title          = "{A Measurement of $\pi^0 \pi^0$ Production in Two Photon
                        Collisions}",
      collaboration  = "Crystal Ball",
      journal        = "Phys. Rev.",
      volume         = "D41",
      year           = "1990",
      pages          = "3324",
      doi            = "10.1103/PhysRevD.41.3324",
      reportNumber   = "SLAC-PUB-5163, DESY-90-002",
      SLACcitation   = "%%CITATION = PHRVA,D41,3324;%%"
}

@article{Bychkov:2008ws,
      author         = "Bychkov, M. and others",
      title          = "{New Precise Measurement of the Pion Weak Form Factors in
                        $\pi^+ \rightarrow e^+ \nu \gamma$ Decay}",
      journal        = "Phys. Rev. Lett.",
      volume         = "103",
      year           = "2009",
      pages          = "051802",
      doi            = "10.1103/PhysRevLett.103.051802",
      eprint         = "0804.1815",
      archivePrefix  = "arXiv",
      primaryClass   = "hep-ex",
      SLACcitation   = "%%CITATION = ARXIV:0804.1815;%%"
}

@article{Gasser:1983yg,
      author         = "Gasser, J. and Leutwyler, H.",
      title          = "{Chiral Perturbation Theory to One Loop}",
      journal        = "Annals Phys.",
      volume         = "158",
      year           = "1984",
      pages          = "142",
      doi            = "10.1016/0003-4916(84)90242-2",
      reportNumber   = "CERN-TH-3689",
      SLACcitation   = "%%CITATION = APNYA,158,142;%%"
}

@article{Moussallam:2013una,
      author         = "Moussallam, B.",
      title          = "{Unified dispersive approach to real and virtual
                        photon-photon scattering at low energy}",
      journal        = "Eur. Phys. J.",
      volume         = "C73",
      year           = "2013",
      pages          = "2539",
      doi            = "10.1140/epjc/s10052-013-2539-y",
      eprint         = "1305.3143",
      archivePrefix  = "arXiv",
      primaryClass   = "hep-ph",
      SLACcitation   = "%%CITATION = ARXIV:1305.3143;%%"
}

@article{Oller:2008kf,
      author         = "Oller, J. A. and Roca, L.",
      title          = "{Two photons into pi0 pi0}",
      journal        = "Eur. Phys. J.",
      volume         = "A37",
      year           = "2008",
      pages          = "15-32",
      doi            = "10.1140/epja/i2008-10600-0",
      eprint         = "0804.0309",
      archivePrefix  = "arXiv",
      primaryClass   = "hep-ph",
      SLACcitation   = "%%CITATION = ARXIV:0804.0309;%%"
}

@article{Larin:2010kq,
      author         = "Larin, I. and others",
      title          = "{A New Measurement of the $\pi^0$ Radiative Decay Width}",
      collaboration  = "PrimEx",
      journal        = "Phys. Rev. Lett.",
      volume         = "106",
      year           = "2011",
      pages          = "162303",
      doi            = "10.1103/PhysRevLett.106.162303",
      eprint         = "1009.1681",
      archivePrefix  = "arXiv",
      primaryClass   = "nucl-ex",
      reportNumber   = "JLAB-PHY-10-1229",
      SLACcitation   = "%%CITATION = ARXIV:1009.1681;%%"
}

@techreport{hdnote3684,
        Author = {Somov, A.},
        Institution = {Jefferson Lab},
        Month = feb,
        Note = {\url{https://halldweb.jlab.org/doc-private/DocDB/ShowDocument?docid=3684}},
        Number = {GlueX-doc-\textbf{3684}},
        Title = {{Status of the Beam Flux Normalization from TAC runs}},
        Year = 2018
} 

@misc{Larin:2018,
 author      ="Larin, I.",
 title       ="{$\pi^0\to\gamma\,\gamma$ Decay width: Final result from the PrimEx Collaboration}",
 note         ={DNP Meeting},
 month        ="Oct",
 year        ="2018"
}



%%% contains utf-8, see: https://inspirehep.net/info/faq/general#utf8
%%% add \usepackage[utf8]{inputenc} to your latex preamble

@article{Dai:2014zta,
      author         = "Dai, Ling-Yun and Pennington, Michael R.",
      title          = "{Comprehensive amplitude analysis of $\gamma\gamma
                        \rightarrow \pi^+\pi^-, \pi^0\pi^0$ and $\overline{K} K$
                        below 1.5 GeV}",
      journal        = "Phys. Rev.",
      volume         = "D90",
      year           = "2014",
      number         = "3",
      pages          = "036004",
      doi            = "10.1103/PhysRevD.90.036004",
      eprint         = "1404.7524",
      archivePrefix  = "arXiv",
      primaryClass   = "hep-ph",
      reportNumber   = "JLAB-THY-14-1842",
      SLACcitation   = "%%CITATION = ARXIV:1404.7524;%%"
}

@article{Dai:2016ytz,
      author         = "Dai, Ling-Yun and Pennington, Michael R.",
      title          = "{Pion polarizabilities from $\gamma\gamma\to\pi\pi$
                        analysis}",
      journal        = "Phys. Rev.",
      volume         = "D94",
      year           = "2016",
      number         = "11",
      pages          = "116021",
      doi            = "10.1103/PhysRevD.94.116021",
      eprint         = "1611.04441",
      archivePrefix  = "arXiv",
      primaryClass   = "hep-ph",
      reportNumber   = "JLAB-THY-16-2386",
      SLACcitation   = "%%CITATION = ARXIV:1611.04441;%%"
}

@article{Dai:2014lza,
      author         = "Dai, Ling-Yun and Pennington, M. R.",
      title          = "{Two photon couplings of the lightest isoscalars from
                        BELLE data}",
      journal        = "Phys. Lett.",
      volume         = "B736",
      year           = "2014",
      pages          = "11-15",
      doi            = "10.1016/j.physletb.2014.07.005",
      eprint         = "1403.7514",
      archivePrefix  = "arXiv",
      primaryClass   = "hep-ph",
      reportNumber   = "JLAB-THY-14-1869",
      SLACcitation   = "%%CITATION = ARXIV:1403.7514;%%"
}

@article{Holstein:1990qy,
      author         = "Holstein, Barry R.",
      title          = "{Pion polarizability and chiral symmetry}",
      journal        = "Comments Nucl. Part. Phys.",
      volume         = "19",
      year           = "1990",
      number         = "5",
      pages          = "221-238",
      SLACcitation   = "%%CITATION = CNPPA,19,221;%%"
}

@article{Aleksejevs:2014eea,
      author         = "Aleksejevs, A. and Barkanova, S.",
      title          = "{Electromagnetic Polarizabilities of Mesons}",
      booktitle      = "{Proceedings, 37th International Conference on High
                        Energy Physics (ICHEP 2014): Valencia, Spain, July 2-9,
                        2014}",
      journal        = "Nucl. Part. Phys. Proc.",
      volume         = "273-275",
      year           = "2016",
      pages          = "2773-2776",
      doi            = "10.1016/j.nuclphysbps.2015.10.060",
      eprint         = "1410.6963",
      archivePrefix  = "arXiv",
      primaryClass   = "nucl-th",
      SLACcitation   = "%%CITATION = ARXIV:1410.6963;%%"
}

@article{Ivanov:2016giz,
      author         = "Ivanov, Mikhail A.",
      title          = "{Pion polarizabilities: ChPT vs Experiment}",
      booktitle      = "{Proceedings, 8th International Workshop on Quantum
                        Chromodynamics - Theory and Experiment (QCD@Work 2016):
                        Martina Franca, Italy, June 27-30, 2016}",
      journal        = "EPJ Web Conf.",
      volume         = "129",
      year           = "2016",
      pages          = "00045",
      doi            = "10.1051/epjconf/201612900045",
      SLACcitation   = "%%CITATION = 00776,129,00045;%%"
}

@article{Gasser:2005ud,
      author         = "Gasser, Juerg and Ivanov, Mikhail A. and Sainio, Mikko
                        E.",
      title          = "{Low-energy photon-photon collisions to two loops
                        revisited}",
      journal        = "Nucl. Phys.",
      volume         = "ib728",
      year           = "2005",
      pages          = "31-54",
      doi            = "10.1016/j.nuclphysb.2005.09.010",
      eprint         = "hep-ph/0506265",
      archivePrefix  = "arXiv",
      primaryClass   = "hep-ph",
      reportNumber   = "HIP-2005-27-TH",
      SLACcitation   = "%%CITATION = HEP-PH/0506265;%%"
}

@article{Mori:2007bu,
      author         = "Mori, T. and others",
      title          = "{{High statistics measurement of the cross-sections of
                        $\gamma \gamma \rightarrow \pi^+ \pi^- production$}}",
      collaboration  = "Belle",
      journal        = "J. Phys. Soc. Jap.",
      volume         = "76",
      year           = "2007",
      pages          = "074102",
      doi            = "10.1143/JPSJ.76.074102",
      eprint         = "0704.3538",
      archivePrefix  = "arXiv",
      primaryClass   = "hep-ex",
      SLACcitation   = "%%CITATION = ARXIV:0704.3538;%%"
}

@article{Uehara:2008ep,
      author         = "Uehara, S. and others",
      title          = "{High-statistics measurement of neutral pion-pair
                        production in two-photon collisions}",
      collaboration  = "Belle",
      journal        = "Phys. Rev.",
      volume         = "D78",
      year           = "2008",
      pages          = "052004",
      doi            = "10.1103/PhysRevD.78.052004",
      eprint         = "0805.3387",
      archivePrefix  = "arXiv",
      primaryClass   = "hep-ex",
      reportNumber   = "BELLE-PREPRINT-2008-12, KEK-PREPRINT-2008-6",
      SLACcitation   = "%%CITATION = ARXIV:0805.3387;%%"
}

@article{Uehara:2009cka,
      author         = "Uehara, S. and others",
      title          = "{High-statistics study of neutral-pion pair production in
                        two-photon collisions}",
      collaboration  = "Belle",
      journal        = "Phys. Rev.",
      volume         = "D79",
      year           = "2009",
      pages          = "052009",
      doi            = "10.1103/PhysRevD.79.052009",
      eprint         = "0903.3697",
      archivePrefix  = "arXiv",
      primaryClass   = "hep-ex",
      reportNumber   = "KEK-PREPRINT-2008-50, BELLE-PREPRINT-2009-4",
      SLACcitation   = "%%CITATION = ARXIV:0903.3697;%%"
}

@article{Oller:2007sh,
      author         = "Oller, Jose A. and Roca, Luis and Schat, Carlos",
      title          = "{Improved dispersion relations for gamma gamma ---> pi0
                        pi0}",
      journal        = "Phys. Lett.",
      volume         = "B659",
      year           = "2008",
      pages          = "201-208",
      doi            = "10.1016/j.physletb.2007.11.030",
      eprint         = "0708.1659",
      archivePrefix  = "arXiv",
      primaryClass   = "hep-ph",
      SLACcitation   = "%%CITATION = ARXIV:0708.1659;%%"
}
